@book{hastie01statisticallearning,
	added-at = {2008-05-16T16:17:42.000+0200},
	address = {New York, NY, USA},
	author = {Hastie, Trevor and Tibshirani, Robert and Friedman, Jerome},
	biburl = {https://www.bibsonomy.org/bibtex/2f58afc5c9793fcc8ad8389824e57984c/sb3000},
	interhash = {d585aea274f2b9b228fc1629bc273644},
	intrahash = {f58afc5c9793fcc8ad8389824e57984c},
	keywords = {ml statistics},
	publisher = {Springer New York Inc.},
	series = {Springer Series in Statistics},
	timestamp = {2008-05-16T16:17:43.000+0200},
	title = {The Elements of Statistical Learning},
	year = 2001
}


@book{james2023introduction,
	added-at = {2023-11-14T15:31:56.000+0100},
	address = {Cham},
	author = {James, Gareth and Witten, Daniela and Hastie, Trevor and Tibshirani, Robert and Taylor, Jonathan},
	biburl = {https://www.bibsonomy.org/bibtex/22f0ef5cea78a278ad410067c5f36ef69/jaeschke},
	doi = {10.1007/978-3-031-38747-0},
	interhash = {9a8a7486348d9be69907361b87dbe6f4},
	intrahash = {2f0ef5cea78a278ad410067c5f36ef69},
	isbn = {978-3-031-38746-3},
	keywords = {book learning python statistics},
	publisher = {Springer},
	series = {Springer Texts in Statistics},
	timestamp = {2023-11-14T15:31:56.000+0100},
	title = {An Introduction to Statistical Learning with Applications in Python},
	url = {https://link.springer.com/book/10.1007/978-3-031-38747-0},
	year = 2023
}
